# Project-specific bibliographic entries (i.e., those not in plume-bib)

@misc{NeverGonnaGiveYouUpWiki,
  author = "{Wikipedia contributors}",
  title = "Never Gonna Give You Up --- {Wikipedia}{,} The Free Encyclopedia",
  year = "2023",
  howpublished = "\url{https://en.wikipedia.org/wiki/Never_Gonna_Give_You_Up}",
  note = "Accessed 2023"
}

@misc{NeverGonnaGiveYouUpYouTube,
  author = "{Rick Astley}",
  title = "Rick Astley - Never Gonna Give You Up (Official Music Video) - YouTube",
  year = "2009",
  howpublished = "\url{https://www.youtube.com/watch?v=dQw4w9WgXcQ}",
  note = "Accessed 2023"
}

@article{Rice53,
  author = {H. G. Rice},
  journal = {Transactions of the American Mathematical Society},
  pages = {358--366},
  publisher = {American Mathematical Society},
  title = {Classes of Recursively Enumerable Sets and Their Decision Problems},
  volume = {74},
  year = {1953}
}

